@ARTICLE{ahn_etal14,
   author = {{Ahn}, C.~P. and {Alexandroff}, R. and {Allende Prieto}, C. and 
	{Anders}, F. and {Anderson}, S.~F. and {Anderton}, T. and {Andrews}, B.~H. and 
	{Aubourg}, {\'E}. and {Bailey}, S. and {Bastien}, F.~A. and et al.},
    title = "{The Tenth Data Release of the Sloan Digital Sky Survey: First Spectroscopic Data from the SDSS-III Apache Point Observatory Galactic Evolution Experiment}",
  journal = {\apjs},
archivePrefix = "arXiv",
   eprint = {1307.7735},
 primaryClass = "astro-ph.IM",
 keywords = {atlases, catalogs, surveys},
     year = 2014,
    month = apr,
   volume = 211,
      eid = {17},
    pages = {17},
      doi = {10.1088/0067-0049/211/2/17},
   adsurl = {http://adsabs.harvard.edu/abs/2014ApJS..211...17A},
  adsnote = {Provided by the SAO/NASA Astrophysics Data System}
}

@ARTICLE{behroozi_etal15,
   author = {{Behroozi}, P.~S. and {Zhu}, G. and {Ferguson}, H.~C. and {Hearin}, A.~P. and 
	{Lotz}, J. and {Silk}, J. and {Kassin}, S. and {Lu}, Y. and 
	{Croton}, D. and {Somerville}, R.~S. and {Watson}, D.~F.},
    title = "{Using galaxy pairs to probe star formation during major halo mergers}",
  journal = {\mnras},
archivePrefix = "arXiv",
   eprint = {1502.01342},
 keywords = {galaxies: formation, galaxies: haloes},
     year = 2015,
    month = jun,
   volume = 450,
    pages = {1546-1564},
      doi = {10.1093/mnras/stv728},
   adsurl = {http://adsabs.harvard.edu/abs/2015MNRAS.450.1546B},
  adsnote = {Provided by the SAO/NASA Astrophysics Data System}
}

@ARTICLE{behroozi_etal17,
   author = {{Behroozi}, P. and  {Wechsler}, R. and  {Hearin}, A. and {Conroy}, C.},
    title = "{The Connection between Galaxy Growth and Dark Matter Halo Assembly from $z=0-10$}",
    year=2017,
  journal = {in prep.},
}

@ARTICLE{brinchmann_etal04,
   author = {{Brinchmann}, J. and {Charlot}, S. and {White}, S.~D.~M. and 
	{Tremonti}, C. and {Kauffmann}, G. and {Heckman}, T. and {Brinkmann}, J.
	},
    title = "{The physical properties of star-forming galaxies in the low-redshift Universe}",
  journal = {\mnras},
   eprint = {astro-ph/0311060},
 keywords = {surveys, galaxies: abundances, galaxies: evolution, galaxies: fundamental parameters, galaxies: general},
     year = 2004,
    month = jul,
   volume = 351,
    pages = {1151-1179},
      doi = {10.1111/j.1365-2966.2004.07881.x},
   adsurl = {http://adsabs.harvard.edu/abs/2004MNRAS.351.1151B},
  adsnote = {Provided by the SAO/NASA Astrophysics Data System}
}

@ARTICLE{emcee_hammer,
   author = {{Foreman-Mackey}, D. and {Hogg}, D.~W. and {Lang}, D. and {Goodman}, J.
	},
    title = "{emcee: The MCMC Hammer}",
  journal = {\pasp},
archivePrefix = "arXiv",
   eprint = {1202.3665},
 primaryClass = "astro-ph.IM",
     year = 2013,
    month = mar,
   volume = 125,
    pages = {306},
      doi = {10.1086/670067},
   adsurl = {http://adsabs.harvard.edu/abs/2013PASP..125..306F},
  adsnote = {Provided by the SAO/NASA Astrophysics Data System}
}

@ARTICLE{hearin_etal12b,
   author = {{Hearin}, A.~P. and {Zentner}, A.~R. and {Berlind}, A.~A. and 
	{Newman}, J.~A.},
    title = "{SHAM Beyond Clustering: New Tests of Galaxy-Halo Abundance Matching with Galaxy Groups}",
  journal = {ArXiv:1210.4927},
archivePrefix = "arXiv",
   eprint = {1210.4927},
 primaryClass = "astro-ph.CO",
 keywords = {Astrophysics - Cosmology and Extragalactic Astrophysics},
     year = 2012,
    month = oct,
   adsurl = {http://adsabs.harvard.edu/abs/2012arXiv1210.4927H},
  adsnote = {Provided by the SAO/NASA Astrophysics Data System}
}

@ARTICLE{hearin_etal13b,
   author = {{Hearin}, A.~P. and {Watson}, D.~F. and {Becker}, M.~R. and 
	{Reyes}, R. and {Berlind}, A.~A. and {Zentner}, A.~R.},
    title = "{The dark side of galaxy colour: evidence from new SDSS measurements of galaxy clustering and lensing}",
  journal = {\mnras},
archivePrefix = "arXiv",
   eprint = {1310.6747},
 keywords = {galaxies: evolution, galaxies: haloes, cosmology: theory, dark matter, large-scale structure of universe},
     year = 2014,
    month = oct,
   volume = 444,
    pages = {729-743},
      doi = {10.1093/mnras/stu1443},
   adsurl = {http://adsabs.harvard.edu/abs/2014MNRAS.444..729H},
  adsnote = {Provided by the SAO/NASA Astrophysics Data System}
}

@ARTICLE{kauffmann_etal03,
   author = {{Kauffmann}, G. and {Heckman}, T.~M. and {White}, S.~D.~M. and others},
    title = "{Stellar masses and star formation histories for 10$^{5}$ galaxies from the Sloan Digital Sky Survey}",
  journal = {\mnras},
   eprint = {astro-ph/0204055},
 keywords = {galaxies: evolution, galaxies: formation, galaxies: stellar content},
     year = 2003,
    month = may,
   volume = 341,
    pages = {33-53},
      doi = {10.1046/j.1365-8711.2003.06291.x},
   adsurl = {http://adsabs.harvard.edu/abs/2003MNRAS.341...33K},
  adsnote = {Provided by the SAO/NASA Astrophysics Data System}
}

@ARTICLE{kravtsov13,
   author = {{Kravtsov}, A.~V.},
    title = "{The Size-Virial Radius Relation of Galaxies}",
  journal = {\apjl},
archivePrefix = "arXiv",
   eprint = {1212.2980},
 keywords = {galaxies: formation, galaxies: halos, galaxies: structure },
     year = 2013,
    month = feb,
   volume = 764,
      eid = {L31},
    pages = {L31},
      doi = {10.1088/2041-8205/764/2/L31},
   adsurl = {http://adsabs.harvard.edu/abs/2013ApJ...764L..31K},
  adsnote = {Provided by the SAO/NASA Astrophysics Data System}
}


@ARTICLE{meert_etal15,
   author = {{Meert}, A. and {Vikram}, V. and {Bernardi}, M.},
    title = "{A catalogue of 2D photometric decompositions in the SDSS-DR7 spectroscopic main galaxy sample: preferred models and systematics}",
  journal = {\mnras},
archivePrefix = "arXiv",
   eprint = {1406.4179},
 keywords = {galaxies: evolution, galaxies: fundamental parameters, galaxies: structure},
     year = 2015,
    month = feb,
   volume = 446,
    pages = {3943-3974},
      doi = {10.1093/mnras/stu2333},
   adsurl = {http://adsabs.harvard.edu/abs/2015MNRAS.446.3943M},
  adsnote = {Provided by the SAO/NASA Astrophysics Data System}
}

@ARTICLE{meert_etal16,
   author = {{Meert}, A. and {Vikram}, V. and {Bernardi}, M.},
    title = "{A catalogue of two-dimensional photometric decompositions in the SDSS-DR7 spectroscopic main galaxy sample: extension to g and i bands}",
  journal = {\mnras},
archivePrefix = "arXiv",
   eprint = {1510.07631},
 keywords = {galaxies: evolution, galaxies: fundamental parameters, galaxies: structure},
     year = 2016,
    month = jan,
   volume = 455,
    pages = {2440-2452},
      doi = {10.1093/mnras/stv2475},
   adsurl = {http://adsabs.harvard.edu/abs/2016MNRAS.455.2440M},
  adsnote = {Provided by the SAO/NASA Astrophysics Data System}
}

@ARTICLE{mo_mao_white98,
   author = {{Mo}, H.~J. and {Mao}, S. and {White}, S.~D.~M.},
    title = "{The formation of galactic discs}",
  journal = {\mnras},
   eprint = {astro-ph/9707093},
 keywords = {GALAXIES: FORMATION, GALAXIES: SPIRAL, GALAXIES: STRUCTURE, COSMOLOGY: THEORY, DARK MATTER},
     year = 1998,
    month = apr,
   volume = 295,
    pages = {319-336},
      doi = {10.1046/j.1365-8711.1998.01227.x},
   adsurl = {http://adsabs.harvard.edu/abs/1998MNRAS.295..319M},
  adsnote = {Provided by the SAO/NASA Astrophysics Data System}
}

@ARTICLE{somerville_etal17,
   author = {{Somerville}, R.~S. and {Behroozi}, P. and {Pandya}, V. and others},
    title = "{The Relationship between Galaxy and Dark Matter Halo Size from z\~{}3 to the present}",
  journal = {ArXiv e-prints},
archivePrefix = "arXiv",
   eprint = {1701.03526},
 keywords = {Astrophysics - Astrophysics of Galaxies},
     year = 2017,
    month = jan,
   adsurl = {http://adsabs.harvard.edu/abs/2017arXiv170103526S},
  adsnote = {Provided by the SAO/NASA Astrophysics Data System}
}


@ARTICLE{watson_etal12,
   author = {{Watson}, D.~F. and {Berlind}, A.~A. and {Zentner}, A.~R.},
    title = "{Constraining Satellite Galaxy Stellar Mass Loss and Predicting Intrahalo Light. I. Framework and Results at Low Redshift}",
  journal = {\apj},
archivePrefix = "arXiv",
   eprint = {1201.2407},
 keywords = {cosmology: theory, dark matter, galaxies: halos, galaxies: structure, large-scale structure of Universe},
     year = 2012,
    month = aug,
   volume = 754,
      eid = {90},
    pages = {90},
      doi = {10.1088/0004-637X/754/2/90},
   adsurl = {http://adsabs.harvard.edu/abs/2012ApJ...754...90W},
  adsnote = {Provided by the SAO/NASA Astrophysics Data System}
}